@article{Domingos:2012:FUT:2347736.2347755,
 author = {Domingos, Pedro},
 title = {A Few Useful Things to Know About Machine Learning},
 journal = {Commun. ACM},
 issue_date = {October 2012},
 volume = {55},
 number = {10},
 month = oct,
 year = {2012},
 issn = {0001-0782},
 pages = {78--87},
 numpages = {10},
 url = {http://doi.acm.org/10.1145/2347736.2347755},
 doi = {10.1145/2347736.2347755},
 acmid = {2347755},
 publisher = {ACM},
 address = {New York, NY, USA},
}
@misc{kaggle,
  author = {Kaggle Inc},
  title = {},
  howpublished = "\href{https://www.kaggle.com/c/porto-seguro-safe-driver-prediction}{Porto Seguroâ€™s Safe Driver Prediction}",
  year = {2017},
  note = "[Online; accessed 01-Nov-2017]"
}
@book{Mitchell:1997:ML:541177,
 author = {Mitchell, Thomas M.},
 title = {Machine Learning},
 year = {1997},
 isbn = {0070428077, 9780070428072},
 edition = {1},
 publisher = {McGraw-Hill, Inc.},
 address = {New York, NY, USA},
} 
@book{Mitchell:2016,
 author = {Mitchell, Thomas M.},
 title = {Generative and Discriminative Classifiers: Naive Bayes and Logistic Regression},
 note = "draft of February, 2016."
} 
